% DO NOT EDIT THIS FILE GENERATED by /home/scripts/lat/scripts/med2bib  on Thu 14 Sep 2023 07:59:12 AM EDT
% from from non_pmc_dscopedoc.bib and pmc_dscopedoc.bib
% Changes will be lost on next build see dscopedoc_old.bib for backup
% There may be a good one in dscopedoc_older.bib but not sure
% HAVE       1       0       1 but NEED       1       0       1
% seems to have just gotten 
% dscopedoc bib ATTEMPT :  
